@phdthesis{Hagimoto:2024cmf,
    author = "Hagimoto, Ray Mitchell",
    title = "{Cosmological and astrophysical probes of axionlike particles}",
    school = "Rice U.",
    year = "2024"
}

@article{Hagimoto:2024sgw,
    author = "Hagimoto, Ray and Long, Andrew J. and Amin, Mustafa A.",
    title = "{Extracting axion string network parameters from simulated CMB birefringence maps using convolutional neural networks}",
    eprint = "2411.05002",
    archivePrefix = "arXiv",
    primaryClass = "astro-ph.CO",
    doi = "10.1088/1475-7516/2025/03/001",
    journal = "JCAP",
    volume = "03",
    pages = "001",
    year = "2025"
}

@article{Zhang:2023vva,
    author = "Zhang, Hong-Yi and Hagimoto, Ray and Long, Andrew J.",
    title = "{Neutron star cooling with lepton-flavor-violating axions}",
    eprint = "2309.03889",
    archivePrefix = "arXiv",
    primaryClass = "hep-ph",
    doi = "10.1103/PhysRevD.109.103005",
    journal = "Phys. Rev. D",
    volume = "109",
    number = "10",
    pages = "103005",
    year = "2024"
}

@article{Hagimoto:2023tqm,
    author = "Hagimoto, Ray and Long, Andrew J.",
    title = "{Measures of non-Gaussianity in axion-string-induced CMB birefringence}",
    eprint = "2306.07351",
    archivePrefix = "arXiv",
    primaryClass = "astro-ph.CO",
    doi = "10.1088/1475-7516/2023/09/024",
    journal = "JCAP",
    volume = "09",
    pages = "024",
    year = "2023"
}

@article{Jain:2022jrp,
    author = "Jain, Mudit and Hagimoto, Ray and Long, Andrew J. and Amin, Mustafa A.",
    title = "{Searching for axion-like particles through CMB birefringence from string-wall networks}",
    eprint = "2208.08391",
    archivePrefix = "arXiv",
    primaryClass = "astro-ph.CO",
    doi = "10.1088/1475-7516/2022/10/090",
    journal = "JCAP",
    volume = "10",
    pages = "090",
    year = "2022"
}

@article{Hagimoto:2019rcm,
    author = "Hagimoto, Ray and Hogan, Craig and Lewin, Collin and Meyer, Stephan S.",
    title = "{Symmetries of CMB Temperature Correlation at Large Angular Separations}",
    eprint = "1910.13989",
    archivePrefix = "arXiv",
    primaryClass = "astro-ph.CO",
    reportNumber = "FERMILAB-PUB-19-578-A",
    doi = "10.3847/2041-8213/ab62a0",
    journal = "Astrophys. J. Lett.",
    volume = "888",
    number = "2",
    pages = "L29",
    year = "2020"
}
